<record><leader>00000cas a2200000 a 4500</leader><controlfield tag="001">11489911</controlfield><controlfield tag="008">841213d19001901ksuwr ne      0   a0eng d</controlfield><datafield ind1=" " ind2=" " tag="010"><subfield code="a">sn 84030113 </subfield></datafield><datafield ind1=" " ind2=" " tag="040"><subfield code="a">KSH</subfield><subfield code="b">eng</subfield><subfield code="c">KSH</subfield><subfield code="d">NPT</subfield><subfield code="d">OCL</subfield><subfield code="d">OCLCQ</subfield></datafield><datafield ind1=" " ind2=" " tag="042"><subfield code="a">msc</subfield></datafield><datafield ind1="0" ind2="0" tag="245"><subfield code="a">Arkansas Valley sentinel.</subfield></datafield><datafield ind1=" " ind2=" " tag="260"><subfield code="a">Syracuse, Kan. :</subfield><subfield code="b">C.S. Guy,</subfield><subfield code="c">1900-</subfield></datafield><datafield ind1=" " ind2=" " tag="300"><subfield code="a">v. :</subfield><subfield code="b">ill. ;</subfield><subfield code="c">51 cm.</subfield></datafield><datafield ind1=" " ind2=" " tag="310"><subfield code="a">Weekly</subfield></datafield><datafield ind1="0" ind2=" " tag="362"><subfield code="a">Vol. 14, no. 33 (Apr. 20, 1900)-</subfield></datafield><datafield ind1="1" ind2=" " tag="362"><subfield code="a">Ceased with Mar. 8, 1901 issue?</subfield></datafield><datafield ind1=" " ind2=" " tag="500"><subfield code="a">Published by I.J.C. Guy, Sept. 28, 1900-</subfield></datafield><datafield ind1=" " ind2=" " tag="752"><subfield code="a">United States</subfield><subfield code="b">Kansas</subfield><subfield code="c">Hamilton</subfield><subfield code="d">Syracuse.</subfield></datafield><datafield ind1="0" ind2="0" tag="780"><subfield code="t">Syracuse republican (Syracuse, Kan. : 1893)</subfield><subfield code="w">(DLC)sn 84030100</subfield></datafield><datafield ind1="0" ind2="4" tag="785"><subfield code="t">Syracuse news (Syracuse, Kan. : 1898)</subfield><subfield code="w">(DLC)sn 84030122</subfield></datafield></record>